@inproceedings{brown1988statistical,
  title={A statistical approach to French/English translation},
  author={Brown, Peter and Cocke, John and Della Pietra, Stephen A and Della Pietra, Vincent J and Jelinek, Frederick and Mercer, Robert L and Roossin, Paul},
  booktitle={Proceedings of the Second Conference on Theoretical and Methodological Issues in Machine Translation of Natural Languages},
  year={1988}
}



@inproceedings{yao2018improved,
  title={An improved LSTM structure for natural language processing},
  author={Yao, Lirong and Guan, Yazhuo},
  booktitle={2018 IEEE International Conference of Safety Produce Informatization (IICSPI)},
  pages={565--569},
  year={2018},
  organization={IEEE}
}

@inproceedings{rahit2020machine,
  title={Machine translation from natural language to code using long-short term memory},
  author={Rahit, KM Tahsin Hassan and Nabil, Rashidul Hasan and Huq, Md Hasibul},
  booktitle={Proceedings of the Future Technologies Conference (FTC) 2019: Volume 1},
  pages={56--63},
  year={2020},
  organization={Springer}
}

@inproceedings{zou2013bilingual,
  title={Bilingual word embeddings for phrase-based machine translation},
  author={Zou, Will Y and Socher, Richard and Cer, Daniel and Manning, Christopher D},
  booktitle={Proceedings of the 2013 conference on empirical methods in natural language processing},
  pages={1393--1398},
  year={2013}
}

@article{rathod2014machine,
  title={Machine translation of natural language using different approaches},
  author={Rathod, Sarita G},
  journal={International journal of computer applications},
  volume={102},
  number={15},
  year={2014},
  publisher={Citeseer}
}


@inproceedings{NIPS2014_a14ac55a,
 author = {Sutskever, Ilya and Vinyals, Oriol and Le, Quoc V},
 booktitle = {Advances in Neural Information Processing Systems},
 editor = {Z. Ghahramani and M. Welling and C. Cortes and N. Lawrence and K.Q. Weinberger},
 pages = {},
 publisher = {Curran Associates, Inc.},
 title = {Sequence to Sequence Learning with Neural Networks},
 url = {https://proceedings.neurips.cc/paper/2014/file/a14ac55a4f27472c5d894ec1c3c743d2-Paper.pdf},
 volume = {27},
 year = {2014}
}



@inproceedings{rishita2019machine,
  title={Machine translation using natural language processing},
  author={Rishita, Middi Venkata Sai and Raju, Middi Appala and Harris, Tanvir Ahmed},
  booktitle={MATEC Web of Conferences},
  volume={277},
  pages={02004},
  year={2019},
  organization={EDP Sciences}
}


@inproceedings{schwenk2007smooth,
  title={Smooth Bilingual N-Gram Translation-Gram Translation},
  author={Schwenk, Holger and Costa-Jussa, Marta R and Fonollosa, Jos{\'e} AR},
  booktitle={Proceedings of the 2007 Joint Conference on Empirical Methods in Natural Language Processing and Computational Natural Language Learning (EMNLP-CoNLL)},
  pages={430--438},
  year={2007}
}


@article{pinto2009statistical,
  title={A statistical approach to crosslingual natural language tasks},
  author={Pinto, David and Civera, Jorge and Barr{\'o}n-Cedeno, Alberto and Juan, Alfons and Rosso, Paolo},
  journal={Journal of Algorithms},
  volume={64},
  number={1},
  pages={51--60},
  year={2009},
  publisher={Elsevier}
}


@inproceedings{liu2020auto,
  title={Auto-conversion from Natural Language to Structured Query Language using Neural Networks Embedded with Pre-training and Fine-tuning Mechanism},
  author={Liu, Jian and Cui, Qian and Cao, Hongwei and Shi, Tianyuan and Zhou, Min},
  booktitle={2020 Chinese Automation Congress (CAC)},
  pages={6651--6654},
  year={2020},
  organization={IEEE}
}




